@book{optical_design,
  title     = {光学设计手册},
  pages     = {225},
  author    = {李士贤 and 郑乐年},
  address   = {北京},
  edition   = {1},
  year      = {1990},
  publisher = {北京理工大学出版社}
}
@book{optical_engineer,
  title     = {工程光学},
  pages     = {18-26},
  author    = {郁道银 and 谈恒英},
  address   = {北京},
  edition   = {4},
  year      = {2017},
  publisher = {机械工业出版社}
}
@book{optical_electrical_photography,
  title     = {光电成像原理与技术},
  pages     = {54-86},
  author    = {白廷柱 and 金伟其},
  address   = {北京},
  edition   = {1},
  year      = {2006},
  publisher = {北京理工大学出版社}
}
@book{hand_up,
  title     = {《光电探测与目标识别》课程讲义第2讲},
  pages     = {14},
  author    = {许东},
  address   = {北京},
  edition   = {1},
  year      = {2022},
  % % publisher = {北京理工大学出版社}
}
@article{telescope,
	title = {军用望远镜},
	issn = {1004-0943},
	url = {https://kns.cnki.net/KCMS/detail/detail.aspx?dbcode=CJFD&dbname=CJFDN1214&filename=NCQS201301017&v=},
	abstract = {{\textless}正{\textgreater}望远镜是17世纪发明的最重要的科学仪器。一般认为,望远镜是荷兰米德尔堡的眼镜商汉斯在1600年发明的。此后望远镜传到其他欧洲国家,人们称之它为"荷兰柱"。望远镜传入中国后,时称"千里镜",一方面成为王公贵族的玩物,另一方面还用于军事。军用望远镜的放大倍率一般分为三等:中倍率(6倍～10倍)、大倍率(10倍～20倍)和变倍率(德式20倍～40倍,国产25倍～40倍)。},
	pages = {18},
	number = {1},
	journaltitle = {农村青少年科学探究},
	author = {孙立华},
	date = {2013},
	langid = {pinyin},
	keywords = {⛔ No {DOI} found, 军用望远镜, 云南光学仪器厂},
	file = {孙立华_2013_军用望远镜.pdf:E\:\\ProgramData\\Zotero\\storage\\BKCUTJH4\\孙立华_2013_军用望远镜.pdf:application/pdf},
}
