@online{cohenCraterDetectionConvolutional2016,
  title = {Crater {{Detection}} via {{Convolutional Neural Networks}}},
  author = {Cohen, Joseph Paul and Lo, Henry Z. and Lu, Tingting and Ding, Wei},
  date = {2016-01-05},
  eprint = {1601.00978},
  eprinttype = {arXiv},
  eprintclass = {cs},
  url = {http://arxiv.org/abs/1601.00978},
  urldate = {2024-11-14},
  langid = {english},
  pubstate = {prepublished}
}
@article{yangCraterDANetConvolutionalNeural2022,
  title = {{{CraterDANet}}: A Convolutional Neural Network for Small-Scale Crater Detection via Synthetic-to-Real Domain Adaptation},
  shorttitle = {{{CraterDANet}}},
  author = {Yang, Huan and Xu, Xinchao and Ma, Youqing and Xu, Yaming and Liu, Shaochuang},
  date = {2022},
  journaltitle = {IEEE Transactions on Geoscience and Remote Sensing},
  shortjournal = {IEEE Trans. Geosci. Remote Sensing},
  volume = {60},
  pages = {1--12},
  issn = {0196-2892, 1558-0644},
  doi = {10.1109/TGRS.2021.3116348},
  langid = {english},
  annotation = {5 citations (Crossref/DOI) [2024-07-11]\\
TLDR: A novel network, namely, CraterDANet, which unifies image- and feature-level adversarial DAs to bridge the domain gap between synthetic and real data is presented, which falls short of the state-of-the-art Faster R-convolutional neural network (CNN), but achieves an F1-score improvement.}
}
@article{liuIdentificationLunarCraters2024,
  title = {Identification of Lunar Craters in the {{Chang}}â€™{{E-5}} Landing Region Based on {{Kaguya TC}} Morning Map},
  author = {Liu, Yanshuang and Lai, Jialong and Xie, Minggang and Zhao, Jiannan and Zou, Chen and Liu, Chaofei and Qian, Yiqing and Deng, Jiahao},
  date = {2024-01-15},
  journaltitle = {Remote Sensing},
  shortjournal = {Remote Sensing},
  volume = {16},
  number = {2},
  pages = {344},
  issn = {2072-4292},
  doi = {10.3390/rs16020344},
  langid = {english}
}
@article{leeAutomatedCraterDetection2019,
  title = {Automated Crater Detection on {{Mars}} Using Deep Learning},
  author = {Lee, Christopher},
  date = {2019-06},
  journaltitle = {Planetary and Space Science},
  shortjournal = {Planet. Space Sci.},
  volume = {170},
  pages = {16--28},
  issn = {00320633},
  doi = {10/gsg996},
  langid = {english},
  annotation = {59 citations (Crossref/title) [2024-07-09]}
}

