@article{briceno2021communication,
  title={Communication complexity meets cellular automata: Necessary conditions for intrinsic universality},
  author={Briceno, Raimundo and Rapaport, Ivan},
  journal={Natural Computing},
  volume={20},
  number={2},
  pages={307--320},
  year={2021},
  publisher={Springer}
}
@article{ DZXU201902020,
author = { 李俊文 and  夏银水 },
title = {基于QCA的五输入Majority门设计及应用},
journal = {电子学报},
volume = {47},
pages = {404-409},
year = {2019},
issn = {0372-2112},
}