@article{emamiCraterDetectionUsing2019,
  title = {Crater Detection Using Unsupervised Algorithms and Convolutional Neural Networks},
  author = {Emami, Ebrahim and Ahmad, Touqeer and Bebis, George and Nefian, Ara and Fong, Terry},
  year = {2019},
  month = aug,
  journal = {IEEE Transactions on Geoscience and Remote Sensing},
  volume = {57},
  number = {8},
  pages = {5373--5383},
  issn = {0196-2892, 1558-0644},
  doi = {10/ghfw2s},
  urldate = {2024-03-22},
  langid = {english},
  lccn = {1},
  annotation = {22 citations (Crossref/title) [2024-07-09]}
}
@inproceedings{maassEdgefreeScalePose2011,
  title = {An Edge-Free, Scale-, Pose- and Illumination-Invariant Approach to Crater Detection for Spacecraft Navigation},
  booktitle = {2011 7th {{International Symposium}} on {{Image}} and {{Signal Processing}} and {{Analysis}} ({{ISPA}})},
  author = {Maass, Bolko and Kruger, Hans and Theil, Stephan},
  year = {2011},
  month = sep,
  publisher = {IEEE},
  address = {Dubrovnik, Croatia},
  isbn = {978-953-184-159-7},
  langid = {english}
}
@article{maassRobustApproximationImage2016,
  title = {Robust Approximation of Image Illumination Direction in a Segmentation-Based Crater Detection Algorithm for Spacecraft Navigation},
  author = {Maass, Bolko},
  year = {2016},
  month = dec,
  journal = {CEAS Space Journal},
  volume = {8},
  number = {4},
  pages = {303--314},
  issn = {1868-2502, 1868-2510},
  doi = {10.1007/s12567-016-0129-1},
  urldate = {2024-09-19},
  langid = {english}
}
@article{wangNovelApproachMultiscale2022,
  title = {A Novel Approach for Multiscale Lunar Crater Detection by the Use of Path-Profile and Isolation Forest Based on High-Resolution Planetary Images},
  author = {Wang, Yaqiong and Xie, Huan and Huang, Qian and Feng, Yaxuan and Yan, Xiongfeng and Tong, Xiaohua and Liu, Shijie and Liu, Sicong and Xu, Xiong and Wang, Chao and Jin, Yanmin and Zhang, Xinyi},
  year = {2022},
  journal = {IEEE Transactions on Geoscience and Remote Sensing},
  volume = {60},
  pages = {1--24},
  issn = {0196-2892, 1558-0644},
  doi = {10.1109/TGRS.2022.3153721},
  urldate = {2024-08-23},
  copyright = {https://ieeexplore.ieee.org/Xplorehelp/downloads/license-information/IEEE.html},
  langid = {english},
  lccn = {1}
}
@article{diMachineLearningApproach2014,
  title = {A Machine Learning Approach to Crater Detection from Topographic Data},
  author = {Di, Kaichang and Li, Wei and Yue, Zongyu and Sun, Yiwei and Liu, Yiliang},
  year = {2014},
  month = dec,
  journal = {Advances in Space Research},
  volume = {54},
  number = {11},
  pages = {2419--2429},
  issn = {02731177},
  doi = {10.1016/j.asr.2014.08.018},
  urldate = {2024-07-10},
  langid = {english},
  lccn = {3},
  annotation = {59 citations (Crossref/DOI) [2024-07-11]\\
TLDR: This approach includes two steps: detecting square regions which contain one crater with the use of a boosting algorithm and delineating the rims of the crater in each square region by local terrain analysis and circular Hough transform.}
}
@article{wangActiveMachineLearning2019,
  title = {Active Machine Learning Approach for Crater Detection from Planetary Imagery and Digital Elevation Models},
  author = {Wang, Yiran and Wu, Bo},
  year = {2019},
  month = aug,
  journal = {IEEE Transactions on Geoscience and Remote Sensing},
  volume = {57},
  number = {8},
  pages = {5777--5789},
  issn = {0196-2892, 1558-0644},
  doi = {10.1109/TGRS.2019.2902198},
  urldate = {2024-07-10},
  copyright = {https://ieeexplore.ieee.org/Xplorehelp/downloads/license-information/IEEE.html},
  langid = {english},
  lccn = {1},
  annotation = {39 citations (Crossref/DOI) [2024-07-10]\\
TLDR: A novel active machine learning approach, in which the imagery and DEMs covering the same region are used for collecting training samples with more automation and better performance, and the performance of the proposed approach was superior to that of a regular machine learning method.}
}
@article{bandeiraDetectionSubkilometerCraters2012,
  title = {Detection of Sub-Kilometer Craters in High Resolution Planetary Images Using Shape and Texture Features},
  author = {Bandeira, Louren{\c c}o and Ding, Wei and Stepinski, Tomasz F.},
  year = {2012},
  month = jan,
  journal = {Advances in Space Research},
  volume = {49},
  number = {1},
  pages = {64--74},
  issn = {02731177},
  doi = {10/bd75jn},
  urldate = {2024-03-20},
  langid = {english},
  lccn = {3},
  annotation = {53 citations (Crossref/title) [2024-07-09]}
}
@article{wangCraterIDNetEndendFully2018,
  title = {{{CraterIDNet}}: An End-to-End Fully Convolutional Neural Network for Crater Detection and Identification in Remotely Sensed Planetary Images},
  author = {Wang, Hao and Jiang, Jie and Zhang, Guangjun},
  year = {2018},
  month = jul,
  journal = {Remote Sensing},
  volume = {10},
  number = {7},
  pages = {1067},
  issn = {2072-4292},
  doi = {10/gd2b6x},
  urldate = {2024-03-26},
  copyright = {https://creativecommons.org/licenses/by/4.0/},
  langid = {english},
  lccn = {2},
  annotation = {37 citations (Crossref/title) [2024-07-09]}
}
@article{yangLunarImpactCrater2020,
  title = {Lunar Impact Crater Identification and Age Estimation with {{Chang}}'{{E}} Data by Deep and Transfer Learning},
  author = {Yang, Chen and Zhao, Haishi and Bruzzone, Lorenzo and Benediktsson, Jon Atli and Liang, Yanchun and Liu, Bin and Zeng, Xingguo and Guan, Renchu and Li, Chunlai and Ouyang, Ziyuan},
  year = {2020},
  month = dec,
  journal = {Nature Communications},
  volume = {11},
  number = {1},
  pages = {6358},
  issn = {2041-1723},
  doi = {10.1038/s41467-020-20215-y},
  urldate = {2024-08-22},
  langid = {english},
  lccn = {1},
  annotation = {TLDR: A new lunar crater database for the mid- and low-latitude regions of the Moon is derived and distributed to the planetary community together with the related data analysis.}
}
@article{chenCraterDetectionRecognition2021,
  title = {Crater Detection and Recognition Method for Pose Estimation},
  author = {Chen, Zihao and Jiang, Jie},
  year = {2021},
  month = sep,
  journal = {Remote Sensing},
  volume = {13},
  number = {17},
  pages = {3467},
  issn = {2072-4292},
  doi = {10.3390/rs13173467},
  urldate = {2024-07-10},
  copyright = {https://creativecommons.org/licenses/by/4.0/},
  langid = {english},
  lccn = {2},
  annotation = {6 citations (Crossref/DOI) [2024-07-10]\\
TLDR: A robust and efficient crater detection and recognition algorithm for fusing the information of sequence images for pose estimation is designed, which can be used in both flying in orbit around and landing phases.}
}
@article{silburtLunarCraterIdentification2019,
  title = {Lunar Crater Identification via Deep Learning},
  author = {Silburt, Ari and {Ali-Dib}, Mohamad and Zhu, Chenchong and Jackson, Alan and Valencia, Diana and Kissin, Yevgeni and Tamayo, Daniel and Menou, Kristen},
  year = {2019},
  month = jan,
  journal = {Icarus},
  volume = {317},
  eprint = {1803.02192},
  primaryclass = {astro-ph},
  pages = {27--38},
  issn = {00191035},
  doi = {10/gd87xj},
  urldate = {2024-04-13},
  archiveprefix = {arXiv},
  langid = {english},
  lccn = {2},
  annotation = {115 citations (Crossref/title) [2024-07-09]}
}
@article{songEffectiveLunarCrater2020,
  title = {An Effective Lunar Crater Recognition Algorithm Based on Convolutional Neural Network},
  author = {Song, Wang and Fan, Zizhu and Li, Zhengming and Zhang, Hong and Wei, Chao},
  year = {2020},
  month = aug,
  journal = {Remote Sensing},
  volume = {12},
  number = {17},
  pages = {2694},
  issn = {2072-4292},
  doi = {10.3390/rs12172694},
  urldate = {2024-07-11},
  copyright = {https://creativecommons.org/licenses/by/4.0/},
  langid = {english},
  lccn = {2},
  annotation = {27 citations (Crossref/DOI) [2024-07-11]\\
TLDR: A new convolutional neural network termed effective residual U-Net (ERU-Net) to recognize craters from lunar digital elevation model (DEM) images and achieves high recall and precision on DEM, and the recall of the method is higher than those of other deep learning methods.}
}
@article{daiBoostingCraterDetection2023,
  title = {Boosting Crater Detection via {{ViT-based}} Feature Fusion from near-{{IR}} Images and {{DEMs}}},
  author = {Dai, Yuqi and Xue, Changbin and Du, Anan},
  year = {2023},
  journal = {IEEE Geoscience and Remote Sensing Letters},
  volume = {20},
  pages = {1--5},
  issn = {1545-598X, 1558-0571},
  doi = {10.1109/LGRS.2023.3328402},
  urldate = {2025-02-11},
  copyright = {https://ieeexplore.ieee.org/Xplorehelp/downloads/license-information/IEEE.html},
  langid = {english},
  lccn = {3}
}
@article{zhaEnergyefficientCratersDetection2024,
  title = {Energy-Efficient Craters Detection Based on Spiking Neural Network Using Digital Elevation Models},
  author = {Zha, Keke and Yuan, Jiabin and Fan, Lili and Liu, Xu and Niu, Xuewei},
  year = {2024},
  month = sep,
  journal = {Expert Systems with Applications},
  volume = {249},
  pages = {123606},
  issn = {09574174},
  doi = {10.1016/j.eswa.2024.123606},
  urldate = {2025-01-21},
  langid = {english},
  lccn = {1}
}
@article{fairweatherAutomaticMappingSmall2022,
  title = {Automatic Mapping of Small Lunar Impact Craters Using {{LRO}}-{{NAC}} Images},
  author = {Fairweather, J. H. and Lagain, A. and Servis, K. and Benedix, G. K. and Kumar, S. S. and Bland, P. A.},
  year = {2022},
  month = jul,
  journal = {Earth and Space Science},
  volume = {9},
  number = {7},
  pages = {e2021EA002177},
  issn = {2333-5084, 2333-5084},
  doi = {10.1029/2021EA002177},
  urldate = {2024-12-04},
  langid = {english},
  lccn = {3}
}
@article{liuTwostageAdaptiveNetwork2024,
  title = {Two-Stage Adaptive Network for Semi-Supervised Cross-Domain Crater Detection under Varying Scenario Distributions},
  author = {Liu, Yifan and Song, Tiecheng and Xian, Chengye and Chen, Ruiyuan and Zhao, Yi and Li, Rui and Guo, Tan},
  year = {2024},
  month = jun,
  journal = {Remote Sensing},
  volume = {16},
  number = {11},
  pages = {2024},
  issn = {2072-4292},
  doi = {10.3390/rs16112024},
  urldate = {2024-10-31},
  copyright = {https://creativecommons.org/licenses/by/4.0/},
  langid = {english},
  lccn = {2},
  annotation = {TLDR: Experimental results on benchmark datasets demonstrate that the proposed network can enhance domain adaptation ability for crater detection under varying scenario distributions.}
}
@article{silvestriniOpticalNavigationLunar2022,
  title = {Optical Navigation for Lunar Landing Based on Convolutional Neural Network Crater Detector},
  author = {Silvestrini, Stefano and Piccinin, Margherita and Zanotti, Giovanni and Brandonisio, Andrea and Bloise, Ilaria and Feruglio, Lorenzo and Lunghi, Paolo and Lavagna, Mich{\`e}le and Varile, Mattia},
  year = {2022},
  month = apr,
  journal = {Aerospace Science and Technology},
  volume = {123},
  pages = {107503},
  issn = {12709638},
  doi = {10.1016/j.ast.2022.107503},
  urldate = {2024-09-29},
  langid = {english},
  lccn = {1}
}
@article{yangCraterDANetConvolutionalNeural2022,
  title = {{{CraterDANet}}: A Convolutional Neural Network for Small-Scale Crater Detection via Synthetic-to-Real Domain Adaptation},
  author = {Yang, Huan and Xu, Xinchao and Ma, Youqing and Xu, Yaming and Liu, Shaochuang},
  year = {2022},
  journal = {IEEE Transactions on Geoscience and Remote Sensing},
  volume = {60},
  pages = {1--12},
  issn = {0196-2892, 1558-0644},
  doi = {10.1109/TGRS.2021.3116348},
  urldate = {2024-07-10},
  copyright = {https://ieeexplore.ieee.org/Xplorehelp/downloads/license-information/IEEE.html},
  langid = {english},
  lccn = {1},
  annotation = {5 citations (Crossref/DOI) [2024-07-11]\\
TLDR: A novel network, namely, CraterDANet, which unifies image- and feature-level adversarial DAs to bridge the domain gap between synthetic and real data is presented, which falls short of the state-of-the-art Faster R-convolutional neural network (CNN), but achieves an F1-score improvement.}
}
@article{liuIdentificationLunarCraters2024,
  title = {Identification of Lunar Craters in the {{Chang}}'{{E-5}} Landing Region Based on {{Kaguya TC}} Morning Map},
  author = {Liu, Yanshuang and Lai, Jialong and Xie, Minggang and Zhao, Jiannan and Zou, Chen and Liu, Chaofei and Qian, Yiqing and Deng, Jiahao},
  year = {2024},
  month = jan,
  journal = {Remote Sensing},
  volume = {16},
  number = {2},
  pages = {344},
  issn = {2072-4292},
  doi = {10.3390/rs16020344},
  urldate = {2024-08-29},
  copyright = {https://creativecommons.org/licenses/by/4.0/},
  langid = {english},
  lccn = {2}
}
@article{yangHighresolutionFeaturePyramid2022,
  title = {High-Resolution Feature Pyramid Network for Automatic Crater Detection on {{Mars}}},
  author = {Yang, Shuojin and Cai, Zhanchuan},
  year = {2022},
  journal = {IEEE Transactions on Geoscience and Remote Sensing},
  volume = {60},
  pages = {1--12},
  issn = {1558-0644},
  doi = {10.1109/TGRS.2021.3104925},
  urldate = {2024-07-17},
  langid = {english},
  lccn = {1},
  annotation = {16 citations (Crossref/DOI) [2024-07-18]\\
TLDR: An end-to-end deep convolution neural network called high-resolution feature pyramid network (HRFPNet) to well detect impact craters and achieves high performance in detecting small craters.}
}
@article{miaoLCDNetInnovativeNeural2024,
  title = {{{LCDNet}}: An Innovative Neural Network for Enhanced Lunar Crater Detection Using {{DEM}} Data},
  author = {Miao, Dingruibo and Yan, Jianguo and Tu, Zhigang and Barriot, Jean-Pierre},
  year = {2024},
  journal = {IEEE Journal of Selected Topics in Applied Earth Observations and Remote Sensing},
  volume = {17},
  pages = {11034--11049},
  issn = {1939-1404, 2151-1535},
  doi = {10.1109/JSTARS.2024.3405580},
  urldate = {2024-09-29},
  copyright = {https://creativecommons.org/licenses/by-nc-nd/4.0/},
  langid = {english},
  lccn = {2},
  annotation = {TLDR: This work proposes a novel lunar crater detection neural network (LCD-Net), with the addition of an adaptive nonmaximum suppression module, which optimizes the detection of overlapping craters and reduces the miss rate.}
}
@article{zhangAutomaticDetectionSmallscale2024,
  title = {Automatic Detection for Small-Scale Lunar Impact Crater Using Deep Learning},
  author = {Zhang, Shuowei and Zhang, Peng and Yang, Juntao and Kang, Zhizhong and Cao, Zhen and Yang, Ze},
  year = {2024},
  month = feb,
  journal = {Advances in Space Research},
  volume = {73},
  number = {4},
  pages = {2175--2187},
  issn = {02731177},
  doi = {10.1016/j.asr.2023.05.041},
  urldate = {2024-09-21},
  langid = {english},
  lccn = {3}
}
@article{guoCraterDETRNovelTransformer2024,
  title = {Crater-{{DETR}}: A Novel Transformer Network for Crater Detection Based on Dense Supervision and Multiscale Fusion},
  author = {Guo, Yue and Wu, Hao and Yang, Shuojin and Cai, Zhanchuan},
  year = {2024},
  month = mar,
  journal = {IEEE Transactions on Geoscience and Remote Sensing},
  volume = {62},
  pages = {1--12},
  issn = {0196-2892, 1558-0644},
  doi = {10.1109/TGRS.2024.3376398},
  urldate = {2024-10-31},
  copyright = {https://ieeexplore.ieee.org/Xplorehelp/downloads/license-information/IEEE.html},
  langid = {english},
  lccn = {1},
  annotation = {TLDR: A new DEtection TRansformer (DETR) variant network for CD called Crater-DETR is proposed, achieving state-of-the-art performance and achieving the best performance on the ISDD and AI-TOD datasets, verifying its robustness.}
}
@inproceedings{linFeaturePyramidNetworks2017,
  title = {Feature Pyramid Networks for Object Detection},
  booktitle = {2017 {{IEEE Conference}} on {{Computer Vision}} and {{Pattern Recognition}} ({{CVPR}})},
  author = {Lin, Tsung-Yi and Dollar, Piotr and Girshick, Ross and He, Kaiming and Hariharan, Bharath and Belongie, Serge},
  year = {2017},
  month = jul,
  pages = {936--944},
  publisher = {IEEE},
  address = {Honolulu, HI},
  doi = {10.1109/CVPR.2017.106},
  urldate = {2025-01-11},
  isbn = {978-1-5386-0457-1},
  langid = {english},
  annotation = {TLDR: This paper exploits the inherent multi-scale, pyramidal hierarchy of deep convolutional networks to construct feature pyramids with marginal extra cost and achieves state-of-the-art single-model results on the COCO detection benchmark without bells and whistles.}
}
@inproceedings{wooCBAMConvolutionalBlock2018,
  title = {{{CBAM}}: Convolutional Block Attention Module},
  booktitle = {European {{Conference}} on {{Computer Vision}}},
  author = {Woo, Sanghyun and Park, Jongchan and Lee, Joon-Young and Kweon, In So},
  year = {2018},
  month = jul,
  volume = {abs/1807.06521},
  eprint = {1807.06521},
  primaryclass = {cs},
  publisher = {arXiv},
  doi = {10.1007/978-3-030-01234-2_1},
  urldate = {2024-03-20},
  archiveprefix = {arXiv},
  langid = {english},
  annotation = {8708 citations (Crossref/title) [2024-07-09]\\
TLDR: The proposed Convolutional Block Attention Module (CBAM), a simple yet effective attention module for feed-forward convolutional neural networks, can be integrated into any CNN architectures seamlessly with negligible overheads and is end-to-end trainable along with base CNNs.}
}
@article{kneisslMapprojectionindependentCraterSizefrequency2011,
  title = {Map-Projection-Independent Crater Size-Frequency Determination in {{GIS}} Environments---New Software Tool for {{ArcGIS}}},
  author = {Kneissl, T. and Van Gasselt, S. and Neukum, G.},
  year = {2011},
  month = sep,
  journal = {Planetary and Space Science},
  volume = {59},
  number = {11-12},
  pages = {1243--1254},
  issn = {00320633},
  doi = {10.1016/j.pss.2010.03.015},
  urldate = {2024-09-19},
  copyright = {https://www.elsevier.com/tdm/userlicense/1.0/},
  langid = {english},
  lccn = {4},
  annotation = {TLDR: This procedure is strongly recommend as the standard method for determining CSFDs on planetary surfaces to minimize map distortion effects for further analysis and the ArcMap toolbar CraterTools developed in this context significantly helps to improve and simplify the crater size-frequency (CSF) measurement process.}
}
@article{headGlobalDistributionLarge2010,
  title = {Global Distribution of Large Lunar Craters: Implications for Resurfacing and Impactor Populations},
  author = {Head, James and Fassett, Caleb and Kadish, Seth and Smith, David and Zuber, Maria and Neumann, Gregory and Mazarico, Erwan},
  year = {2010},
  month = sep,
  journal = {Science (New York, N.Y.)},
  volume = {329},
  pages = {1504--7},
  doi = {10.1126/science.1195050},
  langid = {english},
  annotation = {TLDR: The characteristics of pre- and postmare crater populations support the hypothesis that there were two populations of impactors in early solar system history and that the transition occurred near the time of the Orientale Basin event.}
}
@article{povilaitisCraterDensityDifferences2018,
  title = {Crater Density Differences: Exploring Regional Resurfacing, Secondary Crater Populations, and Crater Saturation Equilibrium on the Moon},
  author = {Povilaitis, R.Z. and Robinson, M.S. and Van Der Bogert, C.H. and Hiesinger, H. and Meyer, H.M. and Ostrach, L.R.},
  year = {2018},
  month = nov,
  journal = {Planetary and Space Science},
  volume = {162},
  pages = {41--51},
  issn = {00320633},
  doi = {10.1016/j.pss.2017.05.006},
  urldate = {2024-10-17},
  langid = {english},
  lccn = {4}
}
@article{robbinsNewGlobalDatabase2019,
  title = {A New Global Database of Lunar Impact Craters {$>$}1--2 Km: 1. {{Crater}} Locations and Sizes, Comparisons with Published Databases, and Global Analysis},
  author = {Robbins, Stuart J.},
  year = {2019},
  month = apr,
  journal = {Journal of Geophysical Research: Planets},
  volume = {124},
  number = {4},
  pages = {871--892},
  issn = {2169-9097, 2169-9100},
  doi = {10.1029/2018JE005592},
  urldate = {2024-04-16},
  langid = {english}
}
@article{jiaCatalogueImpactCraters2020,
  title = {A Catalogue of Impact Craters Larger than 200 m and Surface Age Analysis in the Chang'e-5 Landing Area},
  author = {Jia, Mengna and Yue, Zongyu and Di, Kaichang and Liu, Bin and Liu, Jianzhong and Michael, Gregory},
  year = {2020},
  month = jul,
  journal = {Earth and Planetary Science Letters},
  volume = {541},
  pages = {116272},
  issn = {0012821X},
  doi = {10.1016/j.epsl.2020.116272},
  urldate = {2024-09-19},
  langid = {english},
  lccn = {1}
}
@article{qianCopernicanaged200Ma2021,
  title = {Copernican-aged ({$<$}200 Ma) Impact Ejecta at the {{Chang}}'{{E}}-5 Landing Site: Statistical Evidence from Crater Morphology, Morphometry, and Degradation Models},
  author = {Qian, Yuqi and Xiao, Long and Head, James W. and W{\"o}hler, Christian and Bugiolacchi, Roberto and Wilhelm, Thorsten and Althoff, Stephanie and Ye, Binlong and He, Qi and Yuan, Yuefeng and Zhao, Siyuan},
  year = {2021},
  month = oct,
  journal = {Geophysical Research Letters},
  volume = {48},
  number = {20},
  pages = {e2021GL095341},
  issn = {0094-8276, 1944-8007},
  doi = {10.1029/2021GL095341},
  urldate = {2024-08-28},
  langid = {english},
  lccn = {1}
}
@article{boCatalogueMeterscaleImpact2022,
  title = {A Catalogue of Meter-Scale Impact Craters in the {{Chang}}'{{E-5}} Landing Area Measured from Centimeter-Resolution Descent Imagery},
  author = {Bo, Zheng and Di, Kaichang and Liu, Zhaoqin and Yue, Zongyu and Liu, Jia and Shi, Ke},
  year = {2022},
  month = may,
  journal = {Icarus},
  volume = {378},
  pages = {114943},
  issn = {00191035},
  doi = {10.1016/j.icarus.2022.114943},
  urldate = {2024-08-22},
  langid = {english},
  lccn = {2}
}
@article{wangImprovedGlobalCatalog2021,
  title = {An Improved Global Catalog of Lunar Impact Craters ({$\geq$}1 Km) with {{3D}} Morphometric Information and Updates on Global Crater Analysis},
  author = {Wang, Yiran and Wu, Bo and Xue, Haiou and Li, Xiaoming and Ma, Jun},
  year = {2021},
  month = sep,
  journal = {Journal of Geophysical Research: Planets},
  volume = {126},
  number = {9},
  pages = {e2020JE006728},
  issn = {2169-9097, 2169-9100},
  doi = {10.1029/2020JE006728},
  urldate = {2024-08-20},
  langid = {english}
}
@article{renFasterRCNNRealtime2015,
  title = {Faster {{R-CNN}}: Towards Real-Time Object Detection with Region Proposal Networks},
  author = {Ren, Shaoqing and He, Kaiming and Girshick, Ross and Sun, Jian},
  year = {2015},
  month = jun,
  journal = {IEEE Transactions on Pattern Analysis and Machine Intelligence},
  volume = {39},
  eprint = {1506.01497},
  primaryclass = {cs},
  pages = {1137--1149},
  doi = {10.1109/TPAMI.2016.2577031},
  urldate = {2024-03-29},
  archiveprefix = {arXiv},
  langid = {english},
  annotation = {20738 citations (Crossref/title) [2024-07-09]\\
TLDR: This work introduces a Region Proposal Network (RPN) that shares full-image convolutional features with the detection network, thus enabling nearly cost-free region proposals and further merge RPN and Fast R-CNN into a single network by sharing their convolutionAL features.}
}
@inproceedings{zhuUnpairedImageimageTranslation2017,
  title = {Unpaired Image-to-Image Translation Using Cycle-Consistent Adversarial Networks},
  booktitle = {{{IEEE International Conference}} on {{Computer Vision}}},
  author = {Zhu, Jun-Yan and Park, Taesung and Isola, Phillip and Efros, Alexei A.},
  year = {2017},
  month = mar,
  eprint = {1703.10593},
  primaryclass = {cs},
  pages = {2242--2251},
  publisher = {IEEE},
  doi = {10.1109/ICCV.2017.244},
  urldate = {2024-09-19},
  archiveprefix = {arXiv},
  langid = {english},
  annotation = {TLDR: This work presents an approach for learning to translate an image from a source domain X to a target domain Y in the absence of paired examples, and introduces a cycle consistency loss to push F(G(X)) {$\approx$} X (and vice versa).}
}
@misc{dosovitskiyImageWorth16x162021,
  title = {An Image Is Worth 16x16 Words: Transformers for Image Recognition at Scale},
  author = {Dosovitskiy, Alexey and Beyer, Lucas and Kolesnikov, Alexander and Weissenborn, Dirk and Zhai, Xiaohua and Unterthiner, Thomas and Dehghani, Mostafa and Minderer, Matthias and Heigold, Georg and Gelly, Sylvain and Uszkoreit, Jakob and Houlsby, Neil},
  year = {2021},
  month = jun,
  number = {arXiv:2010.11929},
  eprint = {2010.11929},
  primaryclass = {cs},
  publisher = {arXiv},
  doi = {10.48550/arXiv.2010.11929},
  urldate = {2024-02-27},
  archiveprefix = {arXiv},
  langid = {english},
  annotation = {0 citations (Crossref/title) [2024-07-09]}
}
@article{wangCatalogueImpactCraters2024,
  title = {A Catalogue of Impact Craters and Surface Age Analysis in the {{Chang}}'{{E-6}} Landing Area},
  author = {Wang, Yexin and Nan, Jing and Zhao, Chenxu and Xie, Bin and Gou, Sheng and Yue, Zongyu and Di, Kaichang and Zhang, Hong and Deng, Xiangjin and Sun, Shujuan},
  year = {2024},
  month = jun,
  journal = {Remote Sensing},
  volume = {16},
  number = {11},
  pages = {2014},
  issn = {2072-4292},
  doi = {10.3390/rs16112014},
  urldate = {2024-08-22},
  copyright = {https://creativecommons.org/licenses/by/4.0/},
  langid = {english},
  lccn = {2}
}
@article{yangTopographicKnowledgeawareNetwork2024,
  title = {Topographic Knowledge-Aware Network for Automatic Small-Scale Impact Crater Detection from Lunar Digital Elevation Models},
  author = {Yang, Juntao and Zhang, Shuowei and Li, Lin and Kang, Zhizhong and Ma, Yuechao},
  year = {2024},
  month = may,
  journal = {International Journal of Applied Earth Observation and Geoinformation},
  volume = {129},
  pages = {103831},
  issn = {15698432},
  doi = {10.1016/j.jag.2024.103831},
  urldate = {2024-09-19},
  langid = {english},
  lccn = {1}
}
@inproceedings{vaswaniAttentionAllYou2017,
  title = {Attention Is All You Need},
  booktitle = {Advances in {{Neural Information Processing Systems}}},
  author = {Vaswani, Ashish and Shazeer, Noam and Parmar, Niki and Uszkoreit, Jakob and Jones, Llion and Gomez, Aidan N and Kaiser, {\L}ukasz and Polosukhin, Illia},
  year = {2017},
  volume = {30},
  publisher = {Curran Associates, Inc.},
  doi = {10.48550/arXiv.1706.03762},
  langid = {english},
  annotation = {5 citations (Crossref/title) [2024-07-10]\\
5}
}
@inproceedings{carionEndtoendObjectDetection2020,
  title = {End-to-End Object Detection with Transformers},
  booktitle = {Computer {{Vision}} -- {{ECCV}} 2020},
  author = {Carion, Nicolas and Massa, Francisco and Synnaeve, Gabriel and Usunier, Nicolas and Kirillov, Alexander and Zagoruyko, Sergey},
  editor = {Vedaldi, Andrea and Bischof, Horst and Brox, Thomas and Frahm, Jan-Michael},
  year = {2020},
  volume = {12346},
  pages = {213--229},
  publisher = {Springer International Publishing},
  address = {Cham},
  doi = {10.1007/978-3-030-58452-8_13},
  urldate = {2024-01-20},
  isbn = {978-3-030-58451-1 978-3-030-58452-8},
  langid = {english},
  annotation = {4626 citations (Crossref/title) [2024-07-09]}
}
@inproceedings{zhuDeformableDETRDeformable2021,
  title = {Deformable {{DETR}}: Deformable Transformers for End-to-End Object Detection},
  booktitle = {{{ICLR}}},
  author = {Zhu, Xizhou and Su, Weijie and Lu, Lewei and Li, Bin and Wang, Xiaogang and Dai, Jifeng},
  year = {2021},
  month = jan,
  eprint = {2010.04159},
  primaryclass = {cs},
  doi = {10.48550/arXiv.2010.04159},
  urldate = {2024-05-19},
  archiveprefix = {arXiv},
  langid = {english},
  annotation = {0 citations (Crossref/title) [2024-07-09]}
}
@inproceedings{zhangDINODETRImproved2023,
  title = {{{DINO}}: {{DETR}} with Improved {{DeNoising}} Anchor Boxes for End-to-End Object Detection},
  booktitle = {{{ICLR}}},
  author = {Zhang, Hao and Li, Feng and Liu, Shilong and Zhang, Lei and Su, Hang and Zhu, Jun and Ni, Lionel M. and Shum, Heung-Yeung},
  year = {2023},
  month = feb,
  eprint = {2203.03605},
  primaryclass = {cs},
  doi = {10.48550/arXiv.2203.03605},
  urldate = {2025-02-12},
  archiveprefix = {arXiv},
  langid = {english},
  annotation = {TLDR: DINO improves over previous DETR-like models in performance and efficiency by using a contrastive way for denoising training, a mixed query selection method for anchor initialization, and a look forward twice scheme for box prediction.}
}
@misc{liuDABDETRDynamicAnchor2022,
  title = {{{DAB-DETR}}: Dynamic Anchor Boxes Are Better Queries for {{DETR}}},
  author = {Liu, Shilong and Li, Feng and Zhang, Hao and Yang, Xiao and Qi, Xianbiao and Su, Hang and Zhu, Jun and Zhang, Lei},
  year = {2022},
  month = mar,
  number = {arXiv:2201.12329},
  eprint = {2201.12329},
  primaryclass = {cs},
  publisher = {arXiv},
  doi = {10.48550/arXiv.2201.12329},
  urldate = {2025-02-12},
  archiveprefix = {arXiv},
  langid = {english}
}
@article{liDNDETRAccelerateDETR,
  title = {{{DN-DETR}}: Accelerate {{DETR}} Training by Introducing Query {{DeNoising}}},
  author = {Li, Feng and Zhang, Hao and Liu, Shilong and Guo, Jian and Ni, Lionel M and Zhang, Lei},
  langid = {english}
}
@inproceedings{zongDETRsCollaborativeHybrid2023,
  title = {{{DETRs}} with Collaborative Hybrid Assignments Training},
  booktitle = {2023 {{IEEE}}/{{CVF International Conference}} on {{Computer Vision}} ({{ICCV}})},
  author = {Zong, Zhuofan and Song, Guanglu and Liu, Yu},
  year = {2023},
  month = oct,
  pages = {6725--6735},
  publisher = {IEEE},
  address = {Paris, France},
  doi = {10.1109/ICCV51070.2023.00621},
  urldate = {2025-01-21},
  copyright = {https://doi.org/10.15223/policy-029},
  isbn = {979-8-3503-0718-4},
  langid = {english},
  annotation = {TLDR: A novel collaborative hybrid assignments training scheme, namely Co - DETR, to learn more efficient and effective DETR-based detectors from versatile label assignment manners to enhance the encoder's learning ability in end-to-end detectors.}
}
@inproceedings{zhaoDETRsBeatYOLOs2024,
  title = {{{DETRs}} Beat {{YOLOs}} on Real-Time Object Detection},
  booktitle = {2024 {{IEEE}}/{{CVF Conference}} on {{Computer Vision}} and {{Pattern Recognition}} ({{CVPR}})},
  author = {Zhao, Yian and Lv, Wenyu and Xu, Shangliang and Wei, Jinman and Wang, Guanzhong and Dang, Qingqing and Liu, Yi and Chen, Jie},
  year = {2024},
  month = jun,
  pages = {16965--16974},
  publisher = {IEEE},
  address = {Seattle, WA, USA},
  doi = {10.1109/CVPR52733.2024.01605},
  urldate = {2024-12-06},
  copyright = {https://doi.org/10.15223/policy-029},
  isbn = {979-8-3503-5300-6},
  langid = {english},
  annotation = {TLDR: This paper proposes the Real-Time DEtection TRansformer (RT-DETR), the first real-time end-to-end object detector to the best knowledge that addresses the above dilemma and designs an efficient hybrid encoder to expeditiously process multi-scale features by decoupling intra-scale interaction and cross-scale fusion to improve speed.}
}
@inproceedings{bodlaSoftNMSImprovingObject2017,
  title = {Soft-{{NMS}} --- Improving Object Detection with One Line of Code},
  booktitle = {2017 {{IEEE International Conference}} on {{Computer Vision}} ({{ICCV}})},
  author = {Bodla, Navaneeth and Singh, Bharat and Chellappa, Rama and Davis, Larry S.},
  year = {2017},
  month = oct,
  pages = {5562--5570},
  publisher = {IEEE},
  address = {Venice},
  doi = {10.1109/ICCV.2017.593},
  urldate = {2025-02-12},
  isbn = {978-1-5386-1032-9},
  langid = {english}
}
@misc{heSofterNMSRethinkingBounding2018,
  title = {Softer-{{NMS}}: Rethinking Bounding Box Regression for Accurate Object Detection},
  author = {He, Yihui and Zhang, Xiangyu and Savvides, Marios and Kitani, Kris},
  year = {2018},
  month = sep,
  number = {arXiv:1809.08545},
  eprint = {1809.08545},
  primaryclass = {cs},
  publisher = {arXiv},
  doi = {10.48550/arXiv.1809.08545},
  urldate = {2025-02-12},
  archiveprefix = {arXiv},
  langid = {english}
}
@inproceedings{liuAdaptiveNMSRefining2019,
  title = {Adaptive {{NMS}}: Refining Pedestrian Detection in a Crowd},
  booktitle = {2019 {{IEEE}}/{{CVF Conference}} on {{Computer Vision}} and {{Pattern Recognition}} ({{CVPR}})},
  author = {Liu, Songtao and Huang, Di and Wang, Yunhong},
  year = {2019},
  month = jun,
  pages = {6452--6461},
  publisher = {IEEE},
  address = {Long Beach, CA, USA},
  doi = {10.1109/CVPR.2019.00662},
  urldate = {2025-02-12},
  copyright = {https://ieeexplore.ieee.org/Xplorehelp/downloads/license-information/IEEE.html},
  isbn = {978-1-7281-3293-8},
  langid = {english}
}
@article{wangSOLOSimpleFramework2021,
  title = {{{SOLO}}: {{A Simple Framework}} for {{Instance Segmentation}}},
  author = {Wang, Xinlong and Zhang, Rufeng and Shen, Chunhua and Kong, Tao and Li, Lei},
  year = {2021},
  journal = {IEEE Transactions on Pattern Analysis and Machine Intelligence},
  pages = {1--1},
  issn = {0162-8828, 2160-9292, 1939-3539},
  doi = {10.1109/TPAMI.2021.3111116},
  urldate = {2025-01-10},
  langid = {english},
  lccn = {1},
  annotation = {TLDR: This paper introduces the notion of ``instance categories'', which assigns categories to each pixel within an instance according to the instance's location, and proposes segmenting objects by locations (SOLO), a simple, direct, and fast framework for instance segmentation with strong performance.}
}
@inproceedings{linFocalLossDense2017,
  title = {Focal Loss for Dense Object Detection},
  booktitle = {2017 {{IEEE International Conference}} on {{Computer Vision}} ({{ICCV}})},
  author = {Lin, Tsung-Yi and Goyal, Priya and Girshick, Ross and He, Kaiming and Dollar, Piotr},
  year = {2017},
  month = oct,
  pages = {2999--3007},
  publisher = {IEEE},
  address = {Venice},
  doi = {10.1109/ICCV.2017.324},
  urldate = {2024-12-30},
  isbn = {978-1-5386-1032-9},
  langid = {english},
  annotation = {TLDR: This paper proposes to address the extreme foreground-background class imbalance encountered during training of dense detectors by reshaping the standard cross entropy loss such that it down-weights the loss assigned to well-classified examples, and develops a novel Focal Loss, which focuses training on a sparse set of hard examples and prevents the vast number of easy negatives from overwhelming the detector during training.}
}
@misc{tongWiseIoUBoundingBox2023,
  title = {Wise-{{IoU}}: Bounding Box Regression Loss with Dynamic Focusing Mechanism},
  author = {Tong, Zanjia and Chen, Yuhang and Xu, Zewei and Yu, Rong},
  year = {2023},
  month = apr,
  number = {arXiv:2301.10051},
  eprint = {2301.10051},
  primaryclass = {cs},
  publisher = {arXiv},
  doi = {10.48550/arXiv.2301.10051},
  urldate = {2025-02-13},
  archiveprefix = {arXiv},
  langid = {english}
}
@inproceedings{liExploringPlainVision2022,
  title = {Exploring Plain Vision Transformer Backbones for Object Detection},
  booktitle = {Computer {{Vision}} -- {{ECCV}} 2022},
  author = {Li, Yanghao and Mao, Hanzi and Girshick, Ross and He, Kaiming},
  editor = {Avidan, Shai and Brostow, Gabriel and Ciss{\'e}, Moustapha and Farinella, Giovanni Maria and Hassner, Tal},
  year = {2022},
  volume = {13669},
  pages = {280--296},
  publisher = {Springer Nature Switzerland},
  address = {Cham},
  doi = {10.1007/978-3-031-20077-9_17},
  urldate = {2025-02-13},
  isbn = {978-3-031-20076-2 978-3-031-20077-9},
  langid = {english}
}
@article{fairweatherAutomaticMappingSmall2022,
  title = {Automatic Mapping of Small Lunar Impact Craters Using {{LRO}}-{{NAC}} Images},
  author = {Fairweather, J. H. and Lagain, A. and Servis, K. and Benedix, G. K. and Kumar, S. S. and Bland, P. A.},
  year = {2022},
  month = jul,
  journal = {Earth and Space Science},
  volume = {9},
  number = {7},
  pages = {e2021EA002177},
  issn = {2333-5084, 2333-5084},
  doi = {10.1029/2021EA002177},
  urldate = {2024-12-04},
  langid = {english},
  lccn = {3}
}
@inproceedings{zhangBridgingGapAnchorbased2020,
  title = {Bridging the Gap between Anchor-Based and Anchor-Free Detection via Adaptive Training Sample Selection},
  booktitle = {2020 {{IEEE}}/{{CVF Conference}} on {{Computer Vision}} and {{Pattern Recognition}} ({{CVPR}})},
  author = {Zhang, Shifeng and Chi, Cheng and Yao, Yongqiang and Lei, Zhen and Li, Stan Z.},
  year = {2020},
  month = jun,
  pages = {9756--9765},
  publisher = {IEEE},
  address = {Seattle, WA, USA},
  doi = {10.1109/CVPR42600.2020.00978},
  urldate = {2025-02-13},
  copyright = {https://ieeexplore.ieee.org/Xplorehelp/downloads/license-information/IEEE.html},
  isbn = {978-1-7281-7168-5},
  langid = {english}
}
