@misc{MultipleViewGeometry,
  title = {Multiple View Geometry in Computer Vision Chapter 6 Solutions -- Camera Models},
  urldate = {2024-01-10},
  howpublished = {https://blog.immenselyhappy.com/post/mvg-sol-6/\#3},
  langid = {english}
}
@misc{MultipleViewGeometrya,
  title = {Multiple View Geometry in Computer Vision Chapter 3 Solutions -- Projective Geometry and Transformations of 3D},
  urldate = {2024-01-10},
  howpublished = {https://blog.immenselyhappy.com/post/mvg-sol-3/\#3},
  langid = {english}
}

