@article{headGlobalDistributionLarge2010,
  title = {Global Distribution of Large Lunar Craters: Implications for Resurfacing and Impactor Populations},
  author = {Head, James and Fassett, Caleb and Kadish, Seth and Smith, David and Zuber, Maria and Neumann, Gregory and Mazarico, Erwan},
  date = {2010-09},
  journaltitle = {Science (New York, N.Y.)},
  shortjournal = {Sci. (N. Y. N.Y.)},
  volume = {329},
  pages = {1504--7},
  doi = {10.1126/science.1195050},
  langid = {english},
  annotation = {TLDR: The characteristics of pre- and postmare crater populations support the hypothesis that there were two populations of impactors in early solar system history and that the transition occurred near the time of the Orientale Basin event.}
}
@article{kneisslMapprojectionindependentCraterSizefrequency2011,
  title = {Map-Projection-Independent Crater Size-Frequency Determination in {{GIS}} Environments—New Software Tool for {{ArcGIS}}},
  author = {Kneissl, T. and Van Gasselt, S. and Neukum, G.},
  date = {2011-09},
  journaltitle = {Planetary and Space Science},
  shortjournal = {Planet. Space Sci.},
  volume = {59},
  number = {11-12},
  pages = {1243--1254},
  issn = {00320633},
  doi = {10.1016/j.pss.2010.03.015},
  langid = {english},
  annotation = {TLDR: This procedure is strongly recommend as the standard method for determining CSFDs on planetary surfaces to minimize map distortion effects for further analysis and the ArcMap toolbar CraterTools developed in this context significantly helps to improve and simplify the crater size-frequency (CSF) measurement process.}
}
@article{robbinsNewGlobalDatabase2019,
  title = {A New Global Database of Lunar Impact Craters {$>$}1–2 Km: 1. {{Crater}} Locations and Sizes, Comparisons with Published Databases, and Global Analysis},
  shorttitle = {A New Global Database of Lunar Impact Craters {$>$}1–2 Km},
  author = {Robbins, Stuart J.},
  date = {2019-04},
  journaltitle = {Journal of Geophysical Research: Planets},
  shortjournal = {J. Geophys. Res.: Planets},
  volume = {124},
  number = {4},
  pages = {871--892},
  issn = {2169-9097, 2169-9100},
  doi = {10.1029/2018JE005592},
  langid = {english}
}
@article{urbachAutomaticDetectionSubkm2009,
  title = {Automatic Detection of Sub-Km Craters in High Resolution Planetary Images},
  author = {Urbach, Erik R. and Stepinski, Tomasz F.},
  date = {2009-06},
  journaltitle = {Planetary and Space Science},
  shortjournal = {Planetary and Space Science},
  volume = {57},
  number = {7},
  pages = {880--887},
  issn = {00320633},
  doi = {10.1016/j.pss.2009.03.009},
  langid = {english}
}
@inproceedings{maassEdgefreeScalePose2011,
  title = {An Edge-Free, Scale-, Pose- and Illumination-Invariant Approach to Crater Detection for Spacecraft Navigation},
  booktitle = {2011 7th {{International Symposium}} on {{Image}} and {{Signal Processing}} and {{Analysis}} ({{ISPA}})},
  author = {Maass, Bolko and Kruger, Hans and Theil, Stephan},
  date = {2011-09-04},
  publisher = {IEEE},
  location = {Dubrovnik, Croatia},
  isbn = {978-953-184-159-7},
  langid = {english}
}
@article{maassRobustApproximationImage2016,
  title = {Robust Approximation of Image Illumination Direction in a Segmentation-Based Crater Detection Algorithm for Spacecraft Navigation},
  author = {Maass, Bolko},
  date = {2016-12},
  journaltitle = {CEAS Space Journal},
  shortjournal = {CEAS Space J},
  volume = {8},
  number = {4},
  pages = {303--314},
  issn = {1868-2502, 1868-2510},
  doi = {10.1007/s12567-016-0129-1},
  langid = {english}
}
@article{bandeiraDetectionSubkilometerCraters2012,
  title = {Detection of Sub-Kilometer Craters in High Resolution Planetary Images Using Shape and Texture Features},
  author = {Bandeira, Lourenço and Ding, Wei and Stepinski, Tomasz F.},
  date = {2012-01},
  journaltitle = {Advances in Space Research},
  shortjournal = {Adv. Space Res.},
  volume = {49},
  number = {1},
  pages = {64--74},
  issn = {02731177},
  doi = {10/bd75jn},
  langid = {english},
  annotation = {53 citations (Crossref/title) [2024-07-09]}
}
@article{emamiCraterDetectionUsing2019,
  title = {Crater Detection Using Unsupervised Algorithms and Convolutional Neural Networks},
  author = {Emami, Ebrahim and Ahmad, Touqeer and Bebis, George and Nefian, Ara and Fong, Terry},
  date = {2019-08},
  journaltitle = {IEEE Transactions on Geoscience and Remote Sensing},
  shortjournal = {IEEE Trans. Geosci. Remote Sens.},
  volume = {57},
  number = {8},
  pages = {5373--5383},
  issn = {0196-2892, 1558-0644},
  doi = {10/ghfw2s},
  langid = {english},
  annotation = {22 citations (Crossref/title) [2024-07-09]}
}
@article{wangImprovedGlobalCatalog2021,
  title = {An Improved Global Catalog of Lunar Impact Craters (≥1 Km) with {{3D}} Morphometric Information and Updates on Global Crater Analysis},
  author = {Wang, Yiran and Wu, Bo and Xue, Haiou and Li, Xiaoming and Ma, Jun},
  date = {2021-09},
  journaltitle = {Journal of Geophysical Research: Planets},
  shortjournal = {JGR Planets},
  volume = {126},
  number = {9},
  pages = {e2020JE006728},
  issn = {2169-9097, 2169-9100},
  doi = {10.1029/2020JE006728},
  langid = {english}
}
@article{diMachineLearningApproach2014,
  title = {A Machine Learning Approach to Crater Detection from Topographic Data},
  author = {Di, Kaichang and Li, Wei and Yue, Zongyu and Sun, Yiwei and Liu, Yiliang},
  date = {2014-12},
  journaltitle = {Advances in Space Research},
  shortjournal = {Advances in Space Research},
  volume = {54},
  number = {11},
  pages = {2419--2429},
  issn = {02731177},
  doi = {10.1016/j.asr.2014.08.018},
  langid = {english},
  annotation = {59 citations (Crossref/DOI) [2024-07-11]\\
TLDR: This approach includes two steps: detecting square regions which contain one crater with the use of a boosting algorithm and delineating the rims of the crater in each square region by local terrain analysis and circular Hough transform.}
}
@article{wangActiveMachineLearning2019,
  title = {Active Machine Learning Approach for Crater Detection from Planetary Imagery and Digital Elevation Models},
  author = {Wang, Yiran and Wu, Bo},
  date = {2019-08},
  journaltitle = {IEEE Transactions on Geoscience and Remote Sensing},
  shortjournal = {IEEE Trans. Geosci. Remote Sens.},
  volume = {57},
  number = {8},
  pages = {5777--5789},
  issn = {0196-2892, 1558-0644},
  doi = {10.1109/TGRS.2019.2902198},
  langid = {english},
  annotation = {39 citations (Crossref/DOI) [2024-07-10]\\
TLDR: A novel active machine learning approach, in which the imagery and DEMs covering the same region are used for collecting training samples with more automation and better performance, and the performance of the proposed approach was superior to that of a regular machine learning method.}
}
@article{wangNovelApproachMultiscale2022,
  title = {A Novel Approach for Multiscale Lunar Crater Detection by the Use of Path-Profile and Isolation Forest Based on High-Resolution Planetary Images},
  author = {Wang, Yaqiong and Xie, Huan and Huang, Qian and Feng, Yaxuan and Yan, Xiongfeng and Tong, Xiaohua and Liu, Shijie and Liu, Sicong and Xu, Xiong and Wang, Chao and Jin, Yanmin and Zhang, Xinyi},
  date = {2022},
  journaltitle = {IEEE Transactions on Geoscience and Remote Sensing},
  shortjournal = {IEEE Trans. Geosci. Remote Sens.},
  volume = {60},
  pages = {1--24},
  issn = {0196-2892, 1558-0644},
  doi = {10.1109/TGRS.2022.3153721},
  langid = {english}
}
@article{boCatalogueMeterscaleImpact2022,
  title = {A Catalogue of Meter-Scale Impact Craters in the {{Chang}}'{{E-5}} Landing Area Measured from Centimeter-Resolution Descent Imagery},
  author = {Bo, Zheng and Di, Kaichang and Liu, Zhaoqin and Yue, Zongyu and Liu, Jia and Shi, Ke},
  date = {2022-05},
  journaltitle = {Icarus},
  shortjournal = {Icarus},
  volume = {378},
  pages = {114943},
  issn = {00191035},
  doi = {10.1016/j.icarus.2022.114943},
  langid = {english}
}
@article{fairweatherAutomaticMappingSmall2022,
  title = {Automatic Mapping of Small Lunar Impact Craters Using {{LRO}}‐{{NAC}} Images},
  author = {Fairweather, J. H. and Lagain, A. and Servis, K. and Benedix, G. K. and Kumar, S. S. and Bland, P. A.},
  date = {2022-07},
  journaltitle = {Earth and Space Science},
  shortjournal = {Earth Space Sci.},
  volume = {9},
  number = {7},
  pages = {e2021EA002177},
  issn = {2333-5084, 2333-5084},
  doi = {10.1029/2021EA002177},
  langid = {english}
}
