@inproceedings{hanakCraterIdentificationAlgorithm2010,
  title      = {Crater Identification Algorithm for the Lost in Low Lunar Orbit Scenario},
  author     = {Hanak, Chad and Crain, Timothy and Bishop, Robert},
  date       = {2010-02-05},
  publisher  = {American Astronautical Society},
  location   = {Breckenridge, CO, US},
  eventtitle = {33rd {{Annual AAS Guidance}} and {{Control}}},
  langid     = {english}
}

@article{quanInvariantsPairConics1992,
  title        = {Invariants of a Pair of Conics Revisited},
  author       = {Quan, Long and Gros, Patrick and Mohr, Roger},
  date         = {1992-06},
  journaltitle = {Image and Vision Computing},
  shortjournal = {Image Vision Comput.},
  volume       = {10},
  number       = {5},
  pages        = {319--323},
  issn         = {02628856},
  doi          = {10.1016/0262-8856(92)90049-9},
  langid       = {english},
  annotation   = {TLDR: The true invariants of the conies are geometrically interpreted, in terms of cross ratios, through the common self-polar triangle of the two conies.}
}

@article{parkRobustCraterTriangle2019,
  title        = {Robust Crater Triangle Matching Algorithm for Planetary Landing Navigation},
  author       = {Park, Woosang and Jung, Youeyun and Bang, Hyochoong and Ahn, Jaemyung},
  date         = {2019-02},
  journaltitle = {Journal of Guidance, Control, and Dynamics},
  shortjournal = {Journal of Guidance, Control, and Dynamics},
  volume       = {42},
  number       = {2},
  pages        = {402--410},
  issn         = {0731-5090, 1533-3884},
  doi          = {10.2514/1.G003400},
  langid       = {english}
}
