@book{1,
  title     = {Theory of Self-Reproducing Automata},
  author    = {Von Neumann, J. and Burks, A.W.},
  year      = {1966},
  series    = {Goldstine Printed Materials},
  publisher = {University of Illinois Press},
  isbn      = {978-0-598-37798-2},
  langid    = {english},
  lccn      = {63007246}
}
@article{2,
  title     = {A survey of cellular automata: types, dynamics, non-uniformity and applications},
  author    = {Bhattacharjee, Kamalika and Naskar, Nazma and Roy, Souvik and Das, Sukanta},
  journal   = {Natural Computing},
  volume    = {19},
  pages     = {433--461},
  year      = {2020},
  publisher = {Springer}
}
@inproceedings{3,
  title        = {A guided tour of asynchronous cellular automata},
  author       = {Fates, Nazim},
  booktitle    = {International Workshop on Cellular Automata and Discrete Complex Systems},
  pages        = {15--30},
  year         = {2013},
  organization = {Springer}
}
@article{4,
  author  = { 李俊文 and  夏银水 },
  title   = {基于QCA的五输入Majority门设计及应用},
  journal = {电子学报},
  volume  = {47},
  pages   = {404-409},
  year    = {2019},
  issn    = {0372-2112}
}
@article{5,
  author  = {  邓飞飞 and     解光军 and     王晓旸 and     程心 and 张永强},
  title   = {量子元胞自动机共面五输入择多门结构的分析与设计},
  journal = {电子学报},
  volume  = {48},
  pages   = {861-869},
  year    = {2020},
  issn    = {0372-2112}
}    
@article{6,
  title     = {Nanoscale cryptographic architecture design using quantum-dot cellular automata},
  author    = {Debnath, Bikash and Das, Jadav Chandra and De, Debashis},
  journal   = {Frontiers of Information Technology \& Electronic Engineering},
  volume    = {20},
  number    = {11},
  pages     = {1578--1586},
  year      = {2019},
  publisher = {Springer}
}
@article{7,
  title     = {Massively parallel computing on an organic molecular layer},
  author    = {Bandyopadhyay, Anirban and Pati, Ranjit and Sahu, Satyajit and Peper, Ferdinand and Fujita, Daisuke},
  journal   = {Nature Physics},
  volume    = {6},
  number    = {5},
  pages     = {369--375},
  year      = {2010},
  publisher = {Nature Publishing Group UK London}
}
@article{8,
  title     = {Physical implementation of asynchronous cellular automata networks: mathematical models and preliminary experimental results},
  author    = {Cicuttin, Andres and De Micco, Luciana and Crespo, Maria Liz and Antonelli, Maximiliano and Garcia, L and Florian, W},
  journal   = {Nonlinear Dynamics},
  volume    = {105},
  pages     = {2431--2452},
  year      = {2021},
  publisher = {Springer}
}
@article{9,
  title     = {Energy-efficient pattern recognition hardware with elementary cellular automata},
  author    = {Moran, Alejandro and Frasser, Christiam F and Roca, Miquel and Rossello, Josep L},
  journal   = {IEEE Transactions on Computers},
  volume    = {69},
  number    = {3},
  pages     = {392--401},
  year      = {2019},
  publisher = {IEEE}
}
@inproceedings{10,
  title        = {Universality in cellular automata},
  author       = {Banks, Edwin Roger},
  booktitle    = {11th Annual Symposium on Switching and Automata Theory (swat 1970)},
  pages        = {194--215},
  year         = {1970},
  organization = {IEEE},
  address      = {California, USA}
}
@article{11,
  title     = {Effect of random fluctuations on minimizing the complexity of universal asynchronous cellular automata},
  author    = {Fei, Li-Juan and Lee, Jia and Huang, Xin and Peper, Ferdinand},
  journal   = {Physica D: Nonlinear Phenomena},
  volume    = {428},
  pages     = {133052},
  year      = {2021},
  publisher = {Elsevier}
}
@article{12,
  title     = {Asynchronous techniques for system-on-chip design},
  author    = {Martin, Alain J and Nystrom, Mika},
  journal   = {Proceedings of the IEEE},
  volume    = {94},
  number    = {6},
  pages     = {1089--1120},
  year      = {2006},
  publisher = {IEEE}
}
@inproceedings{13,
  title     = {On Brownian Cellular Automata},
  author    = {Lee J, Peper F},
  booktitle = {Automata-2008: Theory and Applications of Cellular Automata},
  editor    = {Adamatzky, A. and {Alonso-Sanz}, R. and Lawniczak, A.},
  year      = {2008},
  publisher = {Luniver Press},
  isbn      = {978-1-905986-16-3},
  langid    = {english}
}

@article{14,
  title     = {Turing-completeness of asynchronous non-camouflage cellular automata},
  author    = {Yamashita, Tatsuya and Isokawa, Teijiro and Peper, Ferdinand and Kawamata, Ibuki and Hagiya, Masami},
  journal   = {Information and Computation},
  volume    = {274},
  pages     = {104539},
  year      = {2020},
  publisher = {Elsevier}
}
@article{15,
  title   = {Moving like a solid block},
  author  = {Helbing, Dirk and Huberman, Bernardo A},
  journal = {arXiv preprint cond-mat/9805025},
  year    = {1998}
}
@article{16,
  title     = {Extending Particle Hopping Models for road traffic with Timed Automata},
  author    = {Lehmann, Frank and Roop, Partha S and Ranjitkar, Prakash},
  journal   = {Physica A: Statistical Mechanics and its Applications},
  volume    = {553},
  pages     = {124107},
  year      = {2020},
  publisher = {Elsevier}
}
@article{17,
  title     = {Brownian circuits: fundamentals},
  author    = {Peper, Ferdinand and Lee, Jia and Carmona, Josep and Cortadella, Jordi and Morita, Kenichi},
  journal   = {ACM Journal on Emerging Technologies in Computing Systems (JETC)},
  volume    = {9},
  number    = {1},
  pages     = {1--24},
  year      = {2013},
  publisher = {ACM New York, NY, USA}
}
@article{18,
  title   = {Brownian Circuits: Designs},
  author  = {Lee, Jia and Peper, Ferdinand and Cotofana, Sorin D and Naruse, Makoto and Ohtsu, Motoichi and Kawazoe, Tadashi and Takahashi, Yasuo and Shimokawa, Tetsuya and Kish, Laszlo B and Kubota, Tohru},
  journal = {International Journal of Unconventional Computing},
  volume  = {12},
  year    = {2016},
  number    = {5-6},
  pages   = {341--362}
}
@article{19,
  title     = {On the security of the Kirchhoff-law--Johnson-noise (KLJN) communicator},
  author    = {Kish, Laszlo B and Granqvist, Claes G},
  journal   = {Quantum Information Processing},
  volume    = {13},
  pages     = {2213--2219},
  year      = {2014},
  publisher = {Springer}
}
@article{20,
  title     = {Control, exploitation and tolerance of intracellular noise},
  author    = {Rao, Christopher V and Wolf, Denise M and Arkin, Adam P},
  journal   = {Nature},
  volume    = {420},
  number    = {6912},
  pages     = {231--237},
  year      = {2002},
  publisher = {Nature Publishing Group UK London}
}
@article{21,
  title     = {Physical limitations on fundamental efficiency of set-based brownian circuits},
  author    = {Ercan, {\.I}lke and S{\"u}tg{\"o}l, Zeynep Duygu and {\"O}zhan, Faik Ozan},
  journal   = {Entropy},
  volume    = {23},
  number    = {4},
  pages     = {406},
  year      = {2021},
  publisher = {MDPI}
}
@inproceedings{22,
  title        = {Implementable building blocks for fluctuation based calculation in single electron tunneling technology},
  author       = {Agbo, Innocent and Safiruddin, Saleh and Cotofana, Sorin},
  booktitle    = {2009 9th IEEE Conference on Nanotechnology (IEEE-NANO)},
  pages        = {366--369},
  year         = {2009},
  organization = {IEEE}
}
@article{23,
  title     = {Skyrmion Brownian circuit implemented in continuous ferromagnetic thin film},
  author    = {Jibiki, Yuma and Goto, Minori and Tamura, Eiiti and Cho, Jaehun and Miki, Soma and Ishikawa, Ryo and Nomura, Hikaru and Srivastava, Titiksha and Lim, Willy and Auffret, Stephane and others},
  journal   = {Applied Physics Letters},
  volume    = {117},
  number    = {8},
  year      = {2020},
  publisher = {AIP Publishing}
}
@incollection{24,
  title     = {Universalities in Cellular Automata},
  booktitle = {Handbook of natural computing},
  author    = {Nicolas Ollinger},
  editor    = {Bäck, Thomas and Kok, Joost N and Rozenberg, G},
  year      = {2012},
  publisher = {Springer, Heidelberg},
  pages     = {189--229}
}
@article{25,
  title     = {Communication complexity meets cellular automata: Necessary conditions for intrinsic universality},
  author    = {Briceno, Raimundo and Rapaport, Ivan},
  journal   = {Natural Computing},
  volume    = {20},
  number    = {2},
  pages     = {307--320},
  year      = {2021},
  publisher = {Springer}
}
@report{26,
  title     = {Building-blocks for designing DI circuits},
  author    = {Patra, Priyadarsan and Fussell, Donald S},
  year      = {1993},
  publisher = {University of Texas at Austin, Department of Computer Sciences}
}
@article{27,
  author  = {茅剑锋 and 赵千川},
  title   = {异步电路验证算法},
  journal = {计算机学报},
  pages   = {66-78},
  year    = {2004},
  issn    = {0254-4164}
}    
@article{28,
  author  = {孙智权},
  title   = {基于Balsa的异步集成电路设计方法},
  journal = {科学技术与工程},
  pages   = {4527-4530},
  year    = {2008},
  issn    = {1671-1815}
}    
@article{29,
  title     = {Towards a theory of universal speed-independent modules},
  author    = {Keller, Robert M},
  journal   = {IEEE Transactions on Computers},
  volume    = {100},
  number    = {1},
  pages     = {21--33},
  year      = {1974},
  publisher = {IEEE}
}
@article{30,
  title     = {Universal delay-insensitive systems with buffering lines},
  author    = {Lee, Jia and Peper, Ferdinand and Adachi, Susumu and Mashiko, Shinro},
  journal   = {IEEE Transactions on Circuits and Systems I: Regular Papers},
  volume    = {52},
  number    = {4},
  pages     = {742--754},
  year      = {2005},
  publisher = {IEEE}
}
@article{31,
  title   = {Intrinsic universality in self-assembly},
  author  = {Doty, David and Lutz, Jack H and Patitz, Matthew J and Summers, Scott M and Woods, Damien},
  journal = {arXiv preprint arXiv:1001.0208},
  year    = {2010}
}
@article{32,
  title     = {Low power asynchronous circuit back-end design flow},
  author    = {Ghavami, Behnam and Pedram, Hossein},
  journal   = {Microelectronics Journal},
  volume    = {42},
  number    = {2},
  pages     = {462--471},
  year      = {2011},
  publisher = {Elsevier}
}