@misc{liuKANKolmogorovArnoldNetworks2024,
  title = {{{KAN}}: {{Kolmogorov-Arnold Networks}}},
  author = {Liu, Ziming and Wang, Yixuan and Vaidya, Sachin and Ruehle, Fabian and Halverson, James and Solja{\v c}i{\'c}, Marin and Hou, Thomas Y. and Tegmark, Max},
  year = {2024},
  month = may,
  number = {arXiv:2404.19756},
  eprint = {2404.19756},
  primaryclass = {cond-mat, stat},
  publisher = {arXiv},
  urldate = {2024-05-03},
  archiveprefix = {arxiv},
  langid = {english}
}
@misc{hoDenoisingDiffusionProbabilistic2020,
  title = {Denoising {{Diffusion Probabilistic Models}}},
  author = {Ho, Jonathan and Jain, Ajay and Abbeel, Pieter},
  year = {2020},
  month = dec,
  number = {arXiv:2006.11239},
  eprint = {2006.11239},
  primaryclass = {cs, stat},
  publisher = {arXiv},
  doi = {arXiv:2006.11239},
  urldate = {2024-02-22},
  archiveprefix = {arxiv},
  langid = {english}
}
@misc{kingmaAutoEncodingVariationalBayes2022,
  title = {Auto-{{Encoding Variational Bayes}}},
  author = {Kingma, Diederik P. and Welling, Max},
  year = {2022},
  month = dec,
  number = {arXiv:1312.6114},
  eprint = {1312.6114},
  publisher = {arXiv},
  urldate = {2023-12-26},
  archiveprefix = {arxiv},
  langid = {english},
  annotation = {最早提出于2014年，arxiv估计有修改所以显示为2022}
}
@inproceedings{NEURIPS2021_49ad23d1,
  title = {Diffusion Models Beat Gans on Image Synthesis},
  booktitle = {Advances in Neural Information Processing Systems},
  author = {Dhariwal, Prafulla and Nichol, Alexander},
  editor = {Ranzato, M. and Beygelzimer, A. and Dauphin, Y. and Liang, P.S. and Vaughan, J. Wortman},
  year = {2021},
  volume = {34},
  pages = {8780--8794},
  publisher = {Curran Associates, Inc.},
  langid = {english}
}
@misc{jiangSCEditEfficientControllable2023,
  title = {{{SCEdit}}: {{Efficient}} and {{Controllable Image Diffusion Generation}} via {{Skip Connection Editing}}},
  author = {Jiang, Zeyinzi and Mao, Chaojie and Pan, Yulin and Han, Zhen and Zhang, Jingfeng},
  year = {2023},
  month = dec,
  number = {arXiv:2312.11392},
  eprint = {2312.11392},
  primaryclass = {cs},
  publisher = {arXiv},
  doi = {10.48550/arXiv.2312.11392},
  urldate = {2024-03-08},
  archiveprefix = {arxiv},
  langid = {english}
}
