@book{signal_system,
  title     = {信号与系统},
  pages     = {225},
  author    = {郑君里 and 应启珩 and 杨为理},
  address   = {北京},
  edition   = {3},
  year      = {2011},
  pages     = {18},
  number    = {1},
  publisher = {高等教育出版社}
}
@book{jaegerEncyclopediaComputationalNeuroscience2015,
  title     = {Encyclopedia of Computational Neuroscience},
  editor    = {Jaeger, Dieter and Jung, Ranu},
  date      = {2015},
  publisher = {Springer New York},
  location  = {New York, NY},
  doi       = {10.1007/978-1-4614-6675-8},
  url       = {http://link.springer.com/10.1007/978-1-4614-6675-8},
  urldate   = {2023-10-20},
  isbn      = {978-1-4614-6674-1 978-1-4614-6675-8},
  langid    = {english}
}
@article{gerstnerTimeStructureActivity1995,
  title        = {Time Structure of the Activity in Neural Network Models},
  author       = {Gerstner, Wulfram},
  date         = {1995-01-01},
  journaltitle = {Physical Review E},
  shortjournal = {Phys. Rev. E},
  volume       = {51},
  number       = {1},
  pages        = {738--758},
  issn         = {1063-651X, 1095-3787},
  doi          = {10/cwcn9d},
  url          = {https://link.aps.org/doi/10.1103/PhysRevE.51.738},
  urldate      = {2023-11-21},
  langid       = {english}
}
@report{albesa-gonzalezLearningFilopodiaSpines2023,
  type        = {preprint},
  title       = {Learning with Filopodia and Spines},
  author      = {Albesa-González, Albert and Clopath, Claudia},
  date        = {2023-08-28},
  institution = {Neuroscience},
  doi         = {10.1101/2023.08.26.554942},
  url         = {http://biorxiv.org/lookup/doi/10.1101/2023.08.26.554942},
  urldate     = {2023-10-13},
  langid      = {english}
}
@book{ZhouYinQingSuiJiGuoChengLiLun2013,
  title     = {随机过程理论},
  author    = {{周荫清}},
  date      = {2013-03},
  edition   = {3},
  publisher = {北京航空航天大学出版社},
  location  = {北京},
  isbn      = {978-7-5124-1024-4}
}
@inproceedings{nesslerSTDPEnablesSpiking2009,
  title = {STDP Enables Spiking Neurons to Detect Hidden Causes of Their Inputs},
  booktitle = {Advances in Neural Information Processing Systems},
  author = {Nessler, Bernhard and Pfeiffer, Michael and Maass, Wolfgang},
  editor = {Bengio, Y. and Schuurmans, D. and Lafferty, J. and Williams, C. and Culotta, A.},
  year = {2009},
  volume = {22},
  pages = {1--9},
  publisher = {Curran Associates, Inc.},
  langid = {english}
}
@inproceedings{mckennochFastModificationsSpikeProp2006,
  title = {Fast Modifications of the SpikeProp Algorithm},
  booktitle = {The 2006 IEEE International Joint Conference on Neural Network Proceedings},
  author = {McKennoch, S. and {Dingding Liu} and Bushnell, L.G.},
  year = {2006},
  pages = {3970--3977},
  publisher = {IEEE},
  address = {Vancouver, BC, Canada},
  doi = {10/btksxw},
  urldate = {2023-11-21},
  isbn = {978-0-7803-9490-2},
  langid = {english}
}
@article{PeiZhaoYuYueQiuTanCeJinZhanYuGuoJiYueQiuKeYanZhan2020,
  title = {月球探测进展与国际月球科研站},
  author = {{裴照宇} and {刘继忠} and {王倩} and {康焱} and {邹永廖} and {张熇} and {张玉花} and {贺怀宇} and {王琼} and {杨瑞洪} and {王伟} and {马继楠}},
  date = {2020},
  journaltitle = {科学通报},
  shortjournal = {科学通报},
  volume = {65},
  number = {24},
  pages = {2577--2586},
  issn = {0023-074X},
  langid = {chinese}
}
@article{xinHighprecisionCoregistrationOrbiter2018,
  title = {High-Precision Co-Registration of Orbiter Imagery and Digital Elevation Model Constrained by Both Geometric and Photometric Information},
  author = {Xin, Xin and Liu, Bin and Di, Kaichang and Jia, Mengna and Oberst, Jürgen},
  date = {2018-10},
  journaltitle = {ISPRS Journal of Photogrammetry and Remote Sensing},
  shortjournal = {ISPRS Journal of Photogrammetry and Remote Sensing},
  volume = {144},
  pages = {28--37},
  issn = {09242716},
  doi = {10.1016/j.isprsjprs.2018.06.016},
  langid = {english},
  annotation = {TLDR: A novel high-precision co-registration method for pixel-based matching between an image and a reference DEM to rectify the ever-increasing number of orbiter images to DEMs in a unified reference frame automatically is proposed.}
}
