@book{signal_system,
  title     = {信号与系统},
  pages     = {225},
  author    = {郑君里 and 应启珩 and 杨为理},
  address   = {北京},
  edition   = {3},
  year      = {2011},
  pages     = {18},
  number    = {1},
  publisher = {高等教育出版社}
}@article{allanHistoricityStrengthsWeaknesses2016,
  title = {Historicity, Strengths, and Weaknesses of Allan Variances and Their General Applications},
  author = {Allan, D. W.},
  date = {2016-01},
  journaltitle = {Gyroscopy and Navigation},
  shortjournal = {Gyroscopy Navig.},
  volume = {7},
  number = {1},
  pages = {1--17},
  issn = {2075-1087, 2075-1109},
  doi = {10/gs6hj9},
  url = {http://link.springer.com/10.1134/S2075108716010028},
  urldate = {2023-11-25},
  langid = {english}
}


