@article{HKJC202304012,
	title = {原子干涉仪灵敏度的阿伦方差分析},
	volume = {43},
	issn = {1674-5795},
	number = {135},
	journaltitle = {计测技术},
	author = {{邓敏} and {罗晖} and {汪之国} and {李佳佳} and {王柯穆}},
	date = {2023},
	langid = {pinyin},
	note = {{abstractTranslation}:},
	keywords = {/unread, ⛔ No {DOI} found},
	file = {邓敏_2023_原子干涉仪灵敏度的阿伦方差分析.pdf:E\:\\ProgramData\\Zotero\\storage\\49UEUWPR\\邓敏_2023_原子干涉仪灵敏度的阿伦方差分析.pdf:application/pdf},
 }

@article{HKJC202301007,
	title = {激光干涉仪在纳米测量中的典型应用},
	volume = {43},
	issn = {1674-5795},
	url = {https://kns.cnki.net/kcms2/article/abstract?v=ebrKgZyeBky8zbmdRyQSC69EjTnE9DR3XHAUkIDZhuL9dtC_mtDE0C5-A23A5JTo4fVXlraoPPogofMfDCjGtJFzMlMlPNmiIPCwiONlbYIU63gKKpohQOgTGx6lw0oZ&uniplatform=NZKPT&language=gb},
	abstract = {激光干涉仪具有测量分辨力高、测量结果可溯源等优点，在纳米测量中的应用日益广泛。介绍纳米测量机和低膨胀材料线膨胀系数测量装置中应用的迈克尔逊型激光干涉仪以及在高准确度位移测量装置中应用的法布里-珀罗型激光干涉仪，并结合这些实例对激光干涉仪光学系统设计、测量环境控制、迈克尔逊干涉仪非线性误差补偿以及法布里-珀罗干涉仪量程扩展等方面的关键问题进行分析和总结。所述原则和方法对实现纳米级测量准确度具有重要意义，可为高准确度激光干涉仪的研制及其在纳米测量中的更广泛应用提供技术参考。},
	pages = {91-101},
	number = {1},
	journaltitle = {计测技术},
	author = {李强 and 任冬梅 and 朱振宇 and 李华丰 and 王霁 and 段小艳},
	date = {2023},
	langid = {pinyin},
	note = {1 citations({CNKI})[2023-12-4]},
	keywords = {⛔ No {DOI} found, 激光干涉仪, 纳米测量, 纳米测量机, 位移测量, 线膨胀系数},
	file = {激光干涉仪在纳米测量中的典型应用_李强.pdf:E\:\\ProgramData\\Zotero\\storage\\GDXMDYIL\\激光干涉仪在纳米测量中的典型应用_李强.pdf:application/pdf},
}
